
@misc{efthymiou2019tensornetwork,
      title={TensorNetwork for Machine Learning}, 
      author={Stavros Efthymiou and Jack Hidary and Stefan Leichenauer},
      year={2019},
      eprint={1906.06329},
      archivePrefix={arXiv},
      primaryClass={cs.LG}
}

@misc{roberts2019tensornetwork,
      title={TensorNetwork: A Library for Physics and Machine Learning}, 
      author={Chase Roberts and Ashley Milsted and Martin Ganahl and Adam Zalcman and Bruce Fontaine and Yijian Zou and Jack Hidary and Guifre Vidal and Stefan Leichenauer},
      year={2019},
      eprint={1905.01330},
      archivePrefix={arXiv},
      primaryClass={physics.comp-ph}
}